@misc{
    Levenshtein2,
	title="Погорелов, Д. А. Сравнительный анализ алгоритмов редакционного расстояния Левенштейна и Дамерау-Левенштейна / Д. А. Погорелов, А. М. Тарзанов. - Синергия Наук. - 2019. URL: https://elibrary.ru/item.asp?id=36907767 (дата обращения: 25.10.2022)",
}

@misc{
    Timer,
	title="Microsoft. QueryPerformanceCounter function (profileapi.h). URL: https://learn.microsoft.com/en-us/windows/win32/api/profileapi/nf-profileapi-queryperformancecounter (дата обращения: 25.10.2022)",
}

@misc{
    Latex,
	title="The LaTeX project. Core Documentation. URL: https://www.latex-project.org/help/documentation/ (дата обращения: 20.10.2022)",
}