@book{intro,
    author = {Н. Вирт},
    title = {Алгоритмы и структуры данных},
    address = {М.},
    publisher = {Мир},
    year = {1989},
    pages = 360,
    language = russian
}

@misc{
    sort,
	title="Bead–Sort: A Natural Sorting Algorithm. URL: https://www.researchgate.net/publication/37987842\_Bead--Sort\_A\_Natural\_Sorting\_Algorithm (дата обращения: 25.10.2022)",
}
