@misc{
    shtovba,
	title="Штовба С.Д. Муравьиные алгоритмы // Exponenta Pro. Математика в приложениях. – 2003. – №4."
}

@misc{
    kureichik,
	title="Курейчик В. М., Кажаров А. А. О некоторых модификациях муравьиного алгоритма // Известия ЮФУ. Технические науки. 2008. №4."
}
