@misc{umarov,
title="Умаров Абдурасул Абдурахманович ОСНОВНЫЕ НАПРАВЛЕНИЯ КОМПЬЮТЕРНОЙ ЛИНГВИСТИКИ // Наука и образование сегодня. 2021. №2 (61). URL: https://cyberleninka.ru/article/n/osnovnye-napravleniya-kompyuternoy-lingvistiki (дата обращения: 27.11.2022)."}

@misc{voronovich,
title="Воронович В. В. Машинный перевод : учеб. пособие. --- Минск: Белорусский государственный университет, 2017. --- C. 5."}

@misc{klashinskyi,
title="Автоматическая обработка текстов на естественном языке и компьютерная лингвистика : учеб. пособие / Е.И. Большакова, Э.С. Клышинский,
Д.В. Ландэ, А.А. Носков, О.В. Пескова, Е.В. Ягунова. --- Москва: МИЭМ, 2011. --- С. 106–108."}

@misc{batuev,
title="Батуев A. A. Системы машинного перевода: сравнение качества перевода и возможностей их использования (на примере технической документации в металлургической отрасли) : учеб. пособие --- Екатеринбург: Уральский гуманитарный институт, 2021. --- C. 10."}

@misc{dunaev,
title = "Дунаев Л. Л. Исследовательская система для анализа текстов на естественном языке // Проблемы интеллектуализации и качества систем информатики :сборник. Вып. 13. Новосибирск : Изд-во ИСИ СО РАН, 2006. -- C. 56."
}

@misc{valeeva,
title = "«Введение в переводоведение» — М.: Изд-во РУДН, 2006. Валеева Наиля Гарифовна — к.п.н. профессор, зав. кафедрой иностранных языков №2 Института иностранных языков Российского университета дружбы народов"
}

@misc{english,
	title="What is Statistical Machine Translation (SMT)? [Электронный ресурс]",
    howpublished="URL: \url{https://omniscien.com/faq/what-is-statistical-machine-translation/} (дата обращения: 28.11.2022)"
}

@misc{rarenko,
title = "Раренко М.Б. МАШИННЫЙ ПЕРЕВОД : ОТ ПЕРЕВОДА «ПО ПРАВИЛАМ» К НЕЙРОННОМУ ПЕРЕВОДУ // Социальные и гуманитарные науки. Отечественная и зарубежная литература. Сер. 6, Языкознание: Реферативный журнал. 2021. №3. URL: https://cyberleninka.ru/article/n/mashinnyy-perevod-ot-perevoda-po-pravilam-k-neyronnomu-perevodu (дата обращения: 27.11.2022)."
}



@book{
	voronovich2,
	author="В. В. Воронович",
	title="Машинный перевод : учеб. пособие",
    address = "Минск",
	publisher="Белорусский государственный университет",
	year=2017,
	pages=5
}

@book{
	klashinskyi2,
	author="Е.И. Большакова and Э.С. Клышинский and Д.В. Ландэ and А.А. Носков and О.В. Пескова and Е.В. Ягунова",
	title="Автоматическая обработка текстов на естественном языке и компьютерная лингвистика : учеб. пособие",
    address = "М.", 
	publisher="МИЭМ",
	year=2011,
	pages="106--108"
}

@book{
	batuev2,
	author="А.А. Батуев",
	title="Системы машинного перевода: сравнение качества перевода и возможностей их использования (на примере технической документации в металлургической отрасли) : учеб. пособие",
    address = "Екатеринбург", 
	publisher ="Уральский гуманитарный институт",
	year=2021,
	pages="10"
}