@misc{
    Mul,
	title="Умножение матриц. URL: http://algolib.narod.ru/Math/Matrix.html (дата обращения: 09.11.2022)",
}

@misc{
    Wino,
	title="Алгоритм Копперсмита — Винограда. URL: https://math.fandom.com/ru/wiki/%D0%90%D0%BB%D0%B3%D0%BE%D1%80%D0%B8%D1%82%D0%BC_%D0%9A%D0%BE%D0%BF%D0%BF%D0%B5%D1%80%D1%81%D0%BC%D0%B8%D1%82%D0%B0_%E2%80%94_%D0%92%D0%B8%D0%BD%D0%BE%D0%B3%D1%80%D0%B0%D0%B4%D0%B0 (дата обращения: 10.11.2022)",
}

@misc{
    Timer,
	title="Microsoft. QueryPerformanceCounter function (profileapi.h). URL: https://learn.microsoft.com/en-us/windows/win32/api/profileapi/nf-profileapi-queryperformancecounter (дата обращения: 25.10.2022)",
}

@misc{
    Latex,
	title="The LaTeX project. Core Documentation. URL: https://www.latex-project.org/help/documentation/ (дата обращения: 10.11.2022)",
}