@misc{
    gladyshev,
	title="Гладышев Е.И., Мурыгин А.В. Многопоточность в приложениях // Актуальные проблемы авиации и космонавтики. 2012. №8. URL: https://cyberleninka.ru/article/n/mnogopotochnost-v-prilozheniyah (дата обращения: 06.12.2022)."
}

@misc{
    lebedev,
	title="Лебедев Сергей Сергеевич, Новиков Федор Александрович Необходимое и достаточное условие применимости алгоритма Дейкстры // КИО. 2017. №4. URL: https://cyberleninka.ru/article/n/neobhodimoe-i-dostatochnoe-uslovie-primenimosti-algoritma-deykstry (дата обращения: 06.12.2022)."
}
